@article{Furrer:2007ek,
author = {Furrer, Reinhard and Bengtsson, Thomas},
title = {{Estimation of high-dimensional prior and posterior covariance matrices in Kalman filter variants}},
journal = {Journal of Multivariate Analysis},
year = {2007},
volume = {98},
number = {2},
pages = {227--255},
month = feb
}

@article{An:2014jc,
author = {An, Baiguo and Guo, Jianhua and Liu, Yufeng},
title = {{Hypothesis testing for band size detection of high-dimensional banded precision matrices}},
journal = {Biometrika},
year = {2014},
volume = {101},
number = {2},
pages = {477--483}
}

