%% Created using Papers on Fri, 09 Nov 2018.
%% http://papersapp.com/papers/

@article{Banerjee:2015ex,
author = {Banerjee, Sayantan and Ghosal, Subhashis},
title = {{Bayesian structure learning in graphical models}},
journal = {Journal of Multivariate Analysis},
year = {2015},
volume = {136},
pages = {147--162},
month = apr
}

@article{Mohammadi:2015fh,
author = {Mohammadi, A and Wit, E C},
title = {{Bayesian Structure Learning in Sparse Gaussian Graphical Models}},
journal = {Bayesian Analysis},
year = {2015},
volume = {10},
number = {1},
pages = {109--138},
month = mar
}

@article{Banerjee:2014jf,
author = {Banerjee, Sayantan and Ghosal, Subhashis},
title = {{Posterior convergence rates for estimating large precision matrices using graphical models}},
journal = {Electronic Journal of Statistics},
year = {2014},
volume = {8},
number = {2},
pages = {2111--2137}
}

@article{Furrer:2007ek,
author = {Furrer, Reinhard and Bengtsson, Thomas},
title = {{Estimation of high-dimensional prior and posterior covariance matrices in Kalman filter variants}},
journal = {Journal of Multivariate Analysis},
year = {2007},
volume = {98},
number = {2},
pages = {227--255},
month = feb
}

@article{Pourahmadi:2000fs,
author = {Pourahmadi, Mohsen},
title = {{Maximum likelihood estimation of generalised linear models for multivariate normal covariance matrix}},
journal = {Biometrika},
year = {2000},
volume = {87},
number = {2},
pages = {425--435},
month = jun
}

@article{Anonymous:2sUafWTP,
title = {{On modelling mean-covariance structures in longitudinal studies}},
year = {2003},
pages = {1--6},
month = feb
}

@article{Wu:2003fk,
author = {Wu, Wei Biao and Pourahmadi, Mohsen},
title = {{Nonparametric estimation of large covariance matrices of longitudinal data}},
journal = {Biometrika},
year = {2003},
volume = {90},
number = {4},
pages = {831--844}
}

@article{Anonymous:vLtAzRjB,
title = {{A joint modelling approach for longitudinal studies}},
year = {2014},
pages = {1--20},
month = nov
}

@article{Zwiernik:2016cl,
author = {Zwiernik, Piotr and Uhler, Caroline and Richards, Donald},
title = {{Maximum likelihood estimation for linear Gaussian covariance models}},
journal = {Journal of the Royal Statistical Society: Series B (Statistical Methodology)},
year = {2016},
volume = {79},
number = {4},
pages = {1269--1292},
month = nov
}

@article{Pan:2016hg,
author = {Pan, Jianxin and MacKenzie, Gilbert},
title = {{Regression models for covariance structures in longitudinal studies}},
journal = {Statistical Modelling: An International Journal},
year = {2016},
volume = {6},
number = {1},
pages = {43--57},
month = aug
}

@article{Pan:2017il,
author = {Pan, Jianxin and Pan, Yi},
title = {{jmcm: An RPackage for Joint Mean-Covariance Modeling of Longitudinal Data}},
journal = {Journal of Statistical Software},
year = {2017},
volume = {82},
number = {9},
pages = {1--29}
}

@article{Huang:2006eq,
author = {Huang, Jianhua Z and Liu, Naiping and Pourahmadi, Mohsen and Liu, Linxu},
title = {{Covariance matrix selection and estimation via penalised normal likelihood}},
journal = {Biometrika},
year = {2006},
volume = {93},
number = {1},
pages = {85--98},
month = mar
}

@article{Bickel:2008ez,
author = {Bickel, Peter J and Levina, Elizaveta},
title = {{Regularized estimation of large covariance matrices}},
journal = {The Annals of Statistics},
year = {2008},
volume = {36},
number = {1},
pages = {199--227},
month = feb
}

@article{Cheng:2017jh,
author = {Cheng, Guanghui and Zhang, Zhengjun and Zhang, Baoxue},
title = {{Test for bandedness of high-dimensional precision matrices}},
year = {2017},
pages = {1--20},
month = nov
}

@article{An:2014jc,
author = {An, Baiguo and Guo, Jianhua and Liu, Yufeng},
title = {{Hypothesis testing for band size detection of high-dimensional banded precision matrices}},
journal = {Biometrika},
year = {2014},
volume = {101},
number = {2},
pages = {477--483}
}

@article{Cai:2012hj,
author = {Cai, Tony and Zhou, Harrison},
title = {{Minimax estimation of large covariance matrices under L1-norm}},
journal = {Statistica Sinica},
year = {2012}
}

@article{Xue:2013bj,
author = {Xue, Lingzhou and Zou, Hui},
title = {{Minimax optimal estimation of general bandable covariance matrices}},
journal = {Journal of Multivariate Analysis},
year = {2013},
volume = {116},
pages = {45--51}
}

@article{Lee:2018vj,
author = {Lee, Kyoungjae and Lin, Lizhen},
title = {{Bayesian Test and Selection for Bandwidth of High-dimensional Banded Precision Matrices}},
journal = {arXiv.org},
year = {2018},
eprint = {1804.08650v1},
eprinttype = {arxiv},
eprintclass = {stat.ME},
month = apr
}

@article{Friedman:2003tw,
author = {Friedman, Jerome and Hastie, Trevor and Rosset, saharon},
title = {{Discussion of Boosting Papers}},
year = {2003},
pages = {1--7},
month = jun
}

@article{Efron:2018tz,
author = {Efron, Bradley and Hastie, Trevor and Johnstone, Iain and Tibshirani, Robert},
title = {{Least Angle Regression}},
year = {2018},
pages = {1--41},
month = oct
}

@article{Tibshirani:2014uc,
author = {Tibshirani, Ryan J},
title = {{The Lasso Problem and Uniqueness}},
year = {2014},
pages = {1--27},
month = apr
}

@article{SCHNABEL:1999vs,
author = {SCHNABEL, ROBERT B and ESKOW, ELIZABETH},
title = {{A REVISED MODIFIED CHOLESKY FACTORIZATION ALGORITHM$^{{\textasteriskcentered} }$
}},
year = {1999},
pages = {1--14},
month = sep
}

@article{Anonymous:LDmrq-ls,
title = {{Regularization and variable selection via the elastic net}},
year = {2005},
pages = {1--20},
month = feb
}

@booklet{version:GTPixAre,
title = {{Hastie, T. elasticnet: Elastic-Net for Sparse Estimation and Sparse PCA}},
author = {version, H Zou R package and {2008}}
}

@article{Anonymous:u6R4Z-6r,
title = {{Approximate Inference in Generalized Linear Mixed Models}},
year = {2018},
pages = {1--18},
month = mar
}

@article{Anonymous:Cr_1IzC9,
title = {{C:/Users/Tapio Nummi/Documents/revstat/source/submissionrevised2.dvi}},
year = {2017},
pages = {1--19},
month = feb
}

@article{Anonymous:qbHItInZ,
title = {{redundancy-analysis-for-landscape-genetics}},
year = {2012},
pages = {1--3},
month = may
}

@article{Chen:2015gd,
author = {Chen, Yin and Fei, Yu and Pan, Jianxin},
title = {{Quasi-Monte Carlo Estimation in Generalized Linear Mixed Model with Correlated Random Effects}},
journal = {OALib},
year = {2015},
volume = {02},
number = {10},
pages = {1--16}
}

@article{Anonymous:Scyg6u0j,
title = {{Reversible Jump Markov Chain Monte Carlo Computation and Bayesian Model Determination}},
year = {2007},
pages = {1--23},
month = feb
}

@article{Anonymous:GWJSQ85d,
title = {{Text Categorization with Support Vector}},
year = {1999},
pages = {1--18},
month = oct
}

@article{Bach:2012fe,
author = {Bach, Francis},
title = {{Optimization with Sparsity-Inducing Penalties}},
journal = {Foundations and Trends{\textregistered} in Machine Learning},
year = {2012},
volume = {4},
number = {1},
pages = {1--106}
}

@article{Anonymous:hhSU_Enj,
title = {{lasso}},
year = {2010},
pages = {1--23},
month = may
}

@article{Anonymous:X9IU3SuO,
title = {{Lecture 10: Regression Trees}},
year = {2006},
pages = {1--7},
month = oct
}

@article{Anonymous:6brb38wI,
title = {{An Introduction to MCMC for Machine Learning}},
year = {2002},
pages = {1--39},
month = sep
}

@article{Anonymous:aHTDqPaR,
title = {{An Overview of Statistical Learning Theory}},
year = {1999},
pages = {1--12},
month = sep
}

@article{Anonymous:eWhsJY64,
title = {{Modelling of covariance structures in generalised estimating equations for longitudinal data}},
year = {2017},
pages = {1--16},
month = may
}

@article{Anonymous:ARMw0MUe,
title = {{Harold{\textquoteright}s Statistics Probability Density Functions Cheat Sheet}},
year = {2016},
pages = {1--13},
month = may
}

@article{Anonymous:40WJSUf-,
title = {{actual data analysis of alignment irregularity growth and tis prediction model}},
year = {2005},
pages = {1--7},
month = nov
}

@article{Anonymous:Pcmuqq8x,
title = {{Two of harold hotelling's contributions to multivariate analysis}},
year = {2010},
pages = {1--26},
month = dec
}

@article{Geron:2017vf,
author = {G{\'e}ron, Aur{\'e}lien},
title = {{Hands-On Machine Learning with Scikit-Learn and TensorFlow: Concepts, Tools, and Techniques to Build Intelligent Systems}},
year = {2017},
pages = {1--760},
month = mar
}

@article{Anonymous:D3KXDSm-,
title = {{THE LASSO METHOD FOR VARIABLE SELECTION IN THE COX MODEL}},
year = {1996},
pages = {1--11},
month = dec
}

@article{Anonymous:0pNbuKjt,
title = {{MCMC Learning }},
year = {2015},
pages = {1--28},
month = jun
}

@article{Chellappa:2012gn,
author = {Chellappa, Rama},
title = {{Mathematical statistics and computer vision}},
journal = {IMAVIS},
year = {2012},
volume = {30},
number = {8},
pages = {467--468},
month = aug
}

@article{Fong:2010dd,
author = {Fong, Y and Rue, H and Wakefield, J},
title = {{Bayesian inference for generalized linear mixed models}},
journal = {Biostatistics},
year = {2010},
volume = {11},
number = {3},
pages = {397--412},
month = jun
}

@article{Anonymous:52R9ZIL9,
title = {{Support Vector Machines}},
year = {2017},
pages = {1--8},
month = feb
}

@article{Pourahmadi:2007jw,
author = {Pourahmadi, M},
title = {{Cholesky Decompositions and Estimation of A Covariance Matrix: Orthogonality of Variance Correlation Parameters}},
journal = {Biometrika},
year = {2007},
volume = {94},
number = {4},
pages = {1006--1013},
month = aug
}

@article{Anonymous:2zydWBr4,
title = {{Generalised Gibbs sampler and multigrid Monte Carlo for Bayesian computation}},
year = {2000},
pages = {1--17},
month = jun
}

@article{Anonymous:-sIQPLuK,
title = {{Markov Random Field Modelling in Image Analysis
}},
year = {2001},
pages = {1--337},
month = apr
}

@article{Anonymous:0gbYVXty,
title = {{Newton-Raphson and EM algorithms for linear mixed-effects models for repeated-measures data.}},
year = {2018},
pages = {1--10},
month = aug
}

@article{Anonymous:gisiA7qI,
title = {{Bayesian generalized linear models and an appropriate default prior}},
year = {2008},
pages = {1--130},
month = aug
}

@article{Anonymous:F6r664rM,
title = {{Joint mean-covariance models with applications to longitudinal data: Unconstrained parameterisation}},
year = {1999},
pages = {1--14},
month = sep
}

@article{Anonymous:hlc-d8a7,
title = {{Asymptotically Efficient Estimation of Covariance Matrices with Linear Structure}},
year = {2018},
pages = {1--8},
month = mar
}

@article{Anonymous:n6YsMACE,
title = {{A Maximum Entropy Approach to Natural Language Processing}},
year = {2013},
pages = {1--34},
month = feb
}

@article{Tuerlinckx:2010kq,
author = {Tuerlinckx, Francis and Rijmen, Frank and Verbeke, Geert and Boeck, Paul},
title = {{Statistical inference in generalized linear mixed models: A review}},
journal = {British Journal of Mathematical and Statistical Psychology},
year = {2010},
volume = {59},
number = {2},
pages = {225--255},
month = dec
}

@article{Pan:2014jg,
author = {Pan, Jianxin and Bao, Yanchun and Dai, Hongsheng and Fang, Hong-Bin},
title = {{Joint longitudinal and survival-cure models in tumour xenograft experiments}},
journal = {Statistics in Medicine},
year = {2014},
volume = {33},
number = {18},
pages = {3229--3240},
month = apr
}

@article{Anonymous:wH-TE9EE,
title = {{Practical Bayesian Optimization of Machine Learning Algorithms}},
year = {2017},
pages = {1--9},
month = may
}

@article{Anonymous:463Z2s0H,
title = {{Joint longitudinal and survival-cure models in tumour xenograft experiments}},
year = {2013},
pages = {1--32},
month = sep
}

@article{Pan:2013bp,
author = {Pan, Jianxin and Huang, Chao},
title = {{Random effects selection in generalized linear mixed models via shrinkage penalty function}},
journal = {Statistics and Computing},
year = {2013},
volume = {24},
number = {5},
pages = {725--738},
month = may
}

@article{Phadtare:2009dk,
author = {Phadtare, Amruta and Bahmani, Anu and Shah, Anand and Pietrobon, Ricardo},
title = {{Scientific writing: a randomized controlled trial comparing standard and on-line instruction}},
journal = {BMC Medical Education},
year = {2009},
volume = {9},
number = {1},
pages = {27},
month = may
}

@article{Erren:2007hl,
author = {Erren, Thomas C.},
title = {{Ten simple rules for doing your best research, according to Hamming.}},
journal = {PLoS computational biology},
year = {2007},
volume = {3},
number = {10},
pages = {1839},
month = oct,
annote = {--- 
- I think these rules may help me in setting my PhD proposal development into context. What is clearly of importance of having an important problem to work on, being open to interruptions during the research process to learn about the world, and be s}
}

@article{Hall:2014db,
author = {Hall, Neil},
title = {{The Kardashian index: a measure of discrepant social media profile for scientists.}},
journal = {Genome biology},
year = {2014},
volume = {15},
number = {7},
pages = {424}
}

@article{Lee:2017uq,
author = {Lee, Kyoungjae and Lee, Jaeyong},
title = {{Estimating Large Precision Matrices via Modified Cholesky Decomposition}},
journal = {arXiv.org},
year = {2017},
eprint = {1707.01143v1},
eprinttype = {arxiv},
eprintclass = {math.ST},
month = jul
}

@article{Johnstone:tc,
author = {Johnstone, I M and manuscript, AY Lu Unpublished and {2004}},
title = {{Sparse principal components analysis}},
journal = {pdfs.semanticscholar.org
}
}

@book{Efron:2010jd,
author = {Efron, Bradley},
title = {{Large-Scale Inference by Bradley Efron}},
publisher = {Cambridge University Press},
year = {2010},
month = aug
}

@article{Holm:1979ws,
author = {Holm, Sture},
title = {{A simple sequentially rejective multiple test procedure}},
journal = {Scandinavian Journal of Statistics. Theory and Applications},
year = {1979},
volume = {6},
number = {2},
pages = {65--70}
}

@booklet{Lauritzen:1996te,
title = {{Graphical models}},
author = {Lauritzen, S L},
year = {1996}
}

@article{Rothman:2010cy,
author = {Rothman, Adam J and Levina, Elizaveta and Zhu, Ji},
title = {{A new approach to Cholesky-based covariance regularization in high dimensions}},
journal = {Biometrika},
year = {2010},
volume = {97},
number = {3},
pages = {539--550},
month = sep
}

@article{Bickel:2012ek,
author = {Bickel, P and Lindner, M},
title = {{Approximating the Inverse of Banded Matrices by Banded Matrices with Applications to Probability and Statistics}},
journal = {Theory of Probability {\&} Its Applications},
year = {2012},
volume = {56},
number = {1},
pages = {1--20},
month = jan
}

@article{Qiu:2012jy,
author = {Qiu, Yumou and Chen, Song Xi},
title = {{Test for bandedness of high-dimensional covariance matrices and bandwidth estimation}},
journal = {The Annals of Statistics},
year = {2012},
volume = {40},
number = {3},
pages = {1285--1314},
month = jun
}




